<record><leader>00000cas a22000007a 4500</leader><controlfield tag="001">10811857</controlfield><controlfield tag="008">840606d19uu19uucaudn ne      0   z0korrd</controlfield><controlfield tag="009">467</controlfield><datafield ind1=" " ind2=" " tag="010"><subfield code="a">sn 84001307 </subfield></datafield><datafield ind1=" " ind2=" " tag="040"><subfield code="a">NSD</subfield><subfield code="b">eng</subfield><subfield code="c">NSD</subfield><subfield code="d">OCLCQ</subfield></datafield><datafield ind1=" " ind2=" " tag="066"><subfield code="c">$1</subfield></datafield><datafield ind1=" " ind2=" " tag="012"><subfield code="l">y</subfield><subfield code="m">d</subfield></datafield><datafield ind1="1" ind2=" " tag="022"><subfield code="a">0747-8356</subfield><subfield code="l">0747-8356</subfield><subfield code="y">0747-8536</subfield><subfield code="2">1</subfield></datafield><datafield ind1=" " ind2=" " tag="037"><subfield code="b">Korea Daily News, Inc., 274 Shotwell St., San Francisco, CA 94110</subfield></datafield><datafield ind1=" " ind2=" " tag="042"><subfield code="a">nsdp</subfield></datafield><datafield ind1=" " ind2="0" tag="222"><subfield code="a">Han'guk ilbo, Saen P'uransisu&#774;k'o</subfield></datafield><datafield ind1="0" ind2="0" tag="245"><subfield code="6">880-01</subfield><subfield code="a">Han'guk ilbo, Saen P'uransisu&#774;k'o =</subfield><subfield code="b">The Korea times San Francisco edition.</subfield></datafield><datafield ind1="3" ind2="1" tag="246"><subfield code="a">Korea times San Francisco edition</subfield></datafield><datafield ind1="1" ind2="3" tag="246"><subfield code="6">880-02</subfield><subfield code="a">Han'guk ilbo</subfield></datafield><datafield ind1="1" ind2="3" tag="246"><subfield code="a">Korea times</subfield></datafield><datafield ind1=" " ind2=" " tag="260"><subfield code="a">San Francisco, CA :</subfield><subfield code="b">Korea Daily News, Inc.</subfield></datafield><datafield ind1=" " ind2=" " tag="310"><subfield code="a">Daily (except Sundays and holidays)</subfield></datafield><datafield ind1=" " ind2=" " tag="580"><subfield code="a">Issued with a reprint edition of the Korean original daily: Han'guk ilbo, which carries separate numbering of the original.</subfield></datafield><datafield ind1=" " ind2=" " tag="588"><subfield code="a">Description based on: Che 860-ho (1984-yo&#774;n 5-wo&#774;l 15-il).</subfield></datafield><datafield ind1=" " ind2=" " tag="588"><subfield code="a">Latest issue consulted: Aug. 12, 1986.</subfield></datafield><datafield ind1=" " ind2=" " tag="752"><subfield code="a">United States</subfield><subfield code="b">California</subfield><subfield code="c">San Francisco</subfield><subfield code="d">San Francisco.</subfield></datafield><datafield ind1="0" ind2="0" tag="785"><subfield code="t">Korea times (San Francisco, Calif.)</subfield><subfield code="x">1532-5113</subfield><subfield code="w">(DLC)   00213081</subfield></datafield><datafield ind1="1" ind2=" " tag="787"><subfield code="t">Han'guk ilbo</subfield><subfield code="w">(OCoLC)8735498</subfield></datafield><datafield ind1="0" ind2="0" tag="880"><subfield code="6">245-01/$1</subfield><subfield code="a">&#54620;&#44397; &#51068;&#48372;, &#49356;&#54532;&#46976;&#49884;&#49828;&#53076; =</subfield><subfield code="b">The Korea times San Francisco edition.</subfield></datafield><datafield ind1="1" ind2="3" tag="880"><subfield code="6">246-02/$1</subfield><subfield code="a">&#54620;&#44397; &#51068;&#48372;</subfield></datafield></record>